{1:F01BOMLAEADAXXX0000000000}{2:I940BOMLAEADXXXXN}{4:
:20:9400807202562256
:25:019000080768
:28C:37945/1
:60F:C250601AED220149,04
:61:2505310602C2366,18NMSC2326135152//1730341120500281
Visa Purchase
:86:000008232613   TASLEEM ADDRESS DUBAI MALL RES
:61:2506010602C3276,27NMSC2326135153//1730342120600125
Visa Purchase
:86:000008232613   TASLEEM ADDRESS DUBAI MALL RES
:61:2506020603C6023,85NMSC2326135154//1730343120600120
Visa Purchase
:86:000008232613   TASLEEM ADDRESS DUBAI MALL RES
:61:2506030603C850,00NCSH038CHCD251547591//038CHCD251547591
ATM/CCDM Cash Deposit
:86:SCU2201 004756 019000080768 784199249169790|
:61:2506030604C4825,37NMSC2326135155//1730344120600531
Visa Purchase
:86:000008232613   TASLEEM ADDRESS DUBAI MALL RES
:61:2506040604D901,68NTRF2115658//2515501042210003
Online Local Fund Transfer
:86:Channel Ref:2100030625621035 Bene Acct:AE160351616005697031001 Be
ne Name:Daria Kornilova Cust Ref:2115658 Bank Ref No:251550104221
0003 File Ref:2000030625000153 Exch Rate:1 Add Info:/REF/Professi
onal and management co ns
:61:2506040604D10,00NCHG2115658//2515501042210003
Fund Transfer Charges
:86:Channel Ref:2100030625621035 Cust Ref:2115658 Bank Ref No:2515501
042210003 File Ref:2000030625000153
:61:2506040604D0,50NVAT2115658//2515501042210003
Value Added Tax - Output
:86:Channel Ref:2100030625621035 Cust Ref:2115658 Bank Ref No:2515501
042210003 File Ref:2000030625000153
:61:2506040604D1,00NCHG2115658//2515501042210003
Correspondent Bank Charges 
:86:Channel Ref:2100030625621035 Cust Ref:2115658 Bank Ref No:2515501
042210003 File Ref:2000030625000153
:61:2506040604D0,05NVAT2115658//2515501042210003
Value Added Tax - Output
:86:Channel Ref:2100030625621035 Cust Ref:2115658 Bank Ref No:2515501
042210003 File Ref:2000030625000153
:61:2506040609C3999,46NMSC2326135156//1730345120600408
Visa Purchase
:86:000008232613   TASLEEM ADDRESS DUBAI MALL RES
:61:2506050609C2106,55NMSC2326135157//1730346120600253
Visa Purchase
:86:000008232613   TASLEEM ADDRESS DUBAI MALL RES
:61:2506070609C2626,84NMSC2326135159//1730348120600455
Visa Purchase
:86:000008232613   TASLEEM ADDRESS DUBAI MALL RES
:61:2506090609C296,77NTRF033IPPC25160L2TJ//033IPPC25160L2TJ
IPP TRANSFER
:86:AE370380000012001098363 - SAHARA ENERGY RESOURCES - WEBI - 6542B5
77EF1045B1A5F47A1783F9EB - 20250609062350074298
:61:2506090610C5432,64NMSC2326135161//1730350120600200
Visa Purchase
:86:000008232613   TASLEEM ADDRESS DUBAI MALL RES
:61:2506100610C755,27NTRF033IPPC251615895//033IPPC251615895
IPP TRANSFER
:86:AE530260001015867194401 - CATHERINE LEE - MP2P - M202506100006B98
111018328871 - 202506100006B98111018328871
:61:2506100611C4416,53NMSC2326135162//1730351120600279
Visa Purchase
:86:000008232613   TASLEEM ADDRESS DUBAI MALL RES
:61:2506120613C3535,02NMSC2326135164//1730353120600397
Visa Purchase
:86:000008232613   TASLEEM ADDRESS DUBAI MALL RES
:61:2506130613C439,25NTRF033FIPI251641882//033FIPI251641882
IPI transaction
:86:IPI PAYMENT: AE400500000000019064992:ASIAN INTERNATIONAL TRADE LI
MITED:COOLING SERVICES CHARGES:5451306259185146:IPI25061300IBJ1X
:61:2506130614C15050,49NMSC2326135165//1730354120600275
Visa Purchase
:86:000008232613   TASLEEM ADDRESS DUBAI MALL RES
:61:2506140616C2599,83NMSC2326135166//1730355120600395
Visa Purchase
:86:000008232613   TASLEEM ADDRESS DUBAI MALL RES
:61:2506160617C1567,75NMSC2326135168//1730357120600278
Visa Purchase
:86:000008232613   TASLEEM ADDRESS DUBAI MALL RES
:61:2506170618C342,81NMSC2326135169//1730358120600118
Visa Purchase
:86:000008232613   TASLEEM ADDRESS DUBAI MALL RES
:61:2506180619C13051,03NMSC2326135170//1730359120600360
Visa Purchase
:86:000008232613   TASLEEM ADDRESS DUBAI MALL RES
:61:2506190620C3564,77NMSC2326135171//1730360120600520
Visa Purchase
:86:000008232613   TASLEEM ADDRESS DUBAI MALL RES
:61:2506200621C5938,82NMSC2326135172//1730361120600112
Visa Purchase
:86:000008232613   TASLEEM ADDRESS DUBAI MALL RES
:61:2506210623C1513,34NMSC2326135173//1730362120600584
Visa Purchase
:86:000008232613   TASLEEM ADDRESS DUBAI MALL RES
:61:2506220623C1554,06NMSC2326135174//1730363120600256
Visa Purchase
:86:000008232613   TASLEEM ADDRESS DUBAI MALL RES
:61:2506230624C754,18NMSC2326135175//1730364120600282
Visa Purchase
:86:000008232613   TASLEEM ADDRESS DUBAI MALL RES
:61:2506240625C5169,35NMSC2326135176//1730365120600438
Visa Purchase
:86:000008232613   TASLEEM ADDRESS DUBAI MALL RES
:61:2506250625D187219,53NTRFADMRT2May-25//2517602043370007
Online Local Fund Transfer
:86:Channel Ref:2100100625641617 Bene Acct:AE200030011779131920033 Be
ne Name:ADDRESS F V RES T2 CHILLER AC Cust Ref:ADMRT2May-25 Bank 
Ref No:2517602043370007 File Ref:2000100625000058 Exch Rate:1 Add
 Info:/REF/Professional a
:61:2506250625D5,00NCHGADMRT2May-25//2517602043370007
Fund Transfer Charges
:86:Channel Ref:2100100625641617 Cust Ref:ADMRT2May-25 Bank Ref No:25
17602043370007 File Ref:2000100625000058
:61:2506250625D0,25NVATADMRT2May-25//2517602043370007
Value Added Tax - Output
:86:Channel Ref:2100100625641617 Cust Ref:ADMRT2May-25 Bank Ref No:25
17602043370007 File Ref:2000100625000058
:61:2506250625D1,00NCHGADMRT2May-25//2517602043370007
Correspondent Bank Charges 
:86:Channel Ref:2100100625641617 Cust Ref:ADMRT2May-25 Bank Ref No:25
17602043370007 File Ref:2000100625000058
:61:2506250625D0,05NVATADMRT2May-25//2517602043370007
Value Added Tax - Output
:86:Channel Ref:2100100625641617 Cust Ref:ADMRT2May-25 Bank Ref No:25
17602043370007 File Ref:2000100625000058
:61:2506250626C1804,77NMSC2326135177//1730366120600272
Visa Purchase
:86:000008232613   TASLEEM ADDRESS DUBAI MALL RES
:61:2506260628C5557,04NMSC2326135178//1730367120600447
Visa Purchase
:86:000008232613   TASLEEM ADDRESS DUBAI MALL RES
:61:2506270628C1271,64NMSC2326135179//1730368120600017
Visa Purchase
:86:000008232613   TASLEEM ADDRESS DUBAI MALL RES
:62F:C250630AED132699,86
-}